<?xml version="1.0" encoding="UTF-8"?><collection xmlns="http://www.loc.gov/MARC21/slim"><record><leader>00674nam--2200193-u-4500</leader><controlfield tag="001">000055395</controlfield><controlfield tag="002">20161230</controlfield><controlfield tag="005">20161230201052</controlfield><controlfield tag="008">130123s1000------------r-----000-0-eng-d</controlfield><datafield ind1=" " ind2=" " tag="020"><subfield code="a">997150040X</subfield></datafield><datafield ind1=" " ind2=" " tag="040"><subfield code="a">IFIN-HH</subfield></datafield><datafield ind1=" " ind2=" " tag="080"><subfield code="a">539.4(061.3)</subfield></datafield><datafield ind1="1" ind2=" " tag="100"><subfield code="a">Balakrishnan, V</subfield></datafield><datafield ind1="1" ind2="0" tag="245"><subfield code="a">Mechanical properties and behaviour of silods: plastic instabilities</subfield><subfield code="b">Proceedings of the meeting held at the international centre for theoretical physics trieste, italy august 12-30, 1985</subfield><subfield code="c">V. balakrishnan, c.e. bottani (eds.)</subfield></datafield><datafield ind1=" " ind2=" " tag="260"><subfield code="a">Singapore</subfield><subfield code="b">World Scientific</subfield><subfield code="c">1986</subfield></datafield><datafield ind1=" " ind2=" " tag="300"><subfield code="a">462P</subfield></datafield><datafield ind1="1" ind2=" " tag="700"><subfield code="a">Bottani, C.E</subfield><subfield code="e">Ed</subfield></datafield><datafield ind1=" " ind2=" " tag="852"><subfield code="a">79127</subfield><subfield code="c">539.3</subfield></datafield><datafield ind1=" " ind2=" " tag="CAT"><subfield code="a">Sys</subfield><subfield code="c">20130123</subfield><subfield code="h">173430</subfield></datafield></record></collection>